<?xml version="1.0" encoding="UTF-8"?><collection xmlns="http://www.loc.gov/MARC21/slim"><record><leader>00501nam--2200205-i-4500</leader><controlfield tag="001">000040574</controlfield><controlfield tag="002">20161230</controlfield><controlfield tag="003">1275</controlfield><controlfield tag="005">20161230201042</controlfield><controlfield tag="008">060222s1000------------r-----000-0-eng-d</controlfield><datafield ind1=" " ind2=" " tag="040"><subfield code="a">IFIN-HH</subfield></datafield><datafield ind1=" " ind2=" " tag="041"><subfield code="a">eng</subfield></datafield><datafield ind1=" " ind2=" " tag="080"><subfield code="a">51:62</subfield></datafield><datafield ind1="1" ind2=" " tag="100"><subfield code="a">Schelkunoff, S.A</subfield></datafield><datafield ind1="1" ind2="0" tag="245"><subfield code="a">Applied Mathematics for engineers and scientists</subfield></datafield><datafield ind1=" " ind2=" " tag="250"><subfield code="a">Second Printing</subfield></datafield><datafield ind1=" " ind2=" " tag="260"><subfield code="b">D.Van Nostrand Company, Inc</subfield><subfield code="c">1951</subfield></datafield><datafield ind1=" " ind2=" " tag="700"><subfield code="a">S.A.Schelkunoff</subfield></datafield><datafield ind1=" " ind2=" " tag="852"><subfield code="c">51</subfield></datafield><datafield ind1=" " ind2=" " tag="CAT"><subfield code="a">Sys</subfield><subfield code="c">20060602</subfield><subfield code="h">094034</subfield></datafield></record></collection>